<?xml version="1.0" encoding="UTF-8"?><collection xmlns="http://www.loc.gov/MARC21/slim"><record><leader>00504nam--2200193-u-4500</leader><controlfield tag="001">000052694</controlfield><controlfield tag="002">20161230</controlfield><controlfield tag="005">20161230201050</controlfield><controlfield tag="008">101003s1000------------r-----000-0-eng-d</controlfield><datafield ind1=" " ind2=" " tag="040"><subfield code="a">IFIN-HH</subfield></datafield><datafield ind1=" " ind2=" " tag="080"><subfield code="a">533.9</subfield></datafield><datafield ind1="1" ind2=" " tag="100"><subfield code="a">Sagdeev, R.Z</subfield></datafield><datafield ind1="1" ind2="0" tag="245"><subfield code="a">Nonlinear Plasma Theory</subfield><subfield code="c">R.Z. Sagdeev, A.A. Galeev</subfield></datafield><datafield ind1=" " ind2=" " tag="260"><subfield code="a">Amsterdam</subfield><subfield code="b">W.A. Benjamin, Inc</subfield><subfield code="c">1969</subfield></datafield><datafield ind1=" " ind2=" " tag="300"><subfield code="a">122 p</subfield></datafield><datafield ind1=" " ind2=" " tag="490"><subfield code="a">Frontiers in Physics Series</subfield></datafield><datafield ind1="1" ind2=" " tag="700"><subfield code="a">Galeev, A.A</subfield></datafield><datafield ind1=" " ind2=" " tag="852"><subfield code="a">77262</subfield><subfield code="c">533.9</subfield></datafield><datafield ind1=" " ind2=" " tag="CAT"><subfield code="a">Sys</subfield><subfield code="c">20101003</subfield><subfield code="h">141802</subfield></datafield></record></collection>